@article{aho-twig,
 author = {Aho, Alfred V. and Ganapathi, Mahadevan and Tjiang, Steven W. K.},
 title = {Code generation using tree matching and dynamic programming},
 journal = {ACM Trans. Program. Lang. Syst.},
 volume = {11},
 number = {4},
 month = oct,
 year = {1989},
 issn = {0164-0925},
 pages = {491--516},
 publisher = {ACM},
 address = {New York, NY, USA}
}

@book{spin,
 author = {Holzmann, Gerard},
 title = {Spin model checker, the: primer and reference manual},
 year = {2003},
 isbn = {0-321-22862-6},
 edition = {First},
 publisher = {Addison-Wesley Professional},
}

@article{globus,
 author = {Foster, Ian and Kesselman, Carl and Tuecke, Steven},
 title = {The Anatomy of the Grid: Enabling Scalable Virtual Organizations},
 journal = {Int. J. High Perform. Comput. Appl.},
 volume = {15},
 number = {3},
 month = aug,
 year = {2001},
 issn = {1094-3420},
 pages = {200--222},
 publisher = {Sage Publications, Inc.},
 address = {Thousand Oaks, CA, USA},
} 

@article{cuda,
 author = {Nickolls, John and Buck, Ian and Garland, Michael and Skadron, Kevin},
 title = {Scalable Parallel Programming with CUDA},
 journal = {Queue},
 issue_date = {March/April 2008},
 volume = {6},
 number = {2},
 month = mar,
 year = {2008},
 issn = {1542-7730},
 pages = {40--53},
 numpages = {14},
 doi = {10.1145/1365490.1365500},
 publisher = {ACM},
 address = {New York, NY, USA},
}

@inproceedings{embedded-dsl,
  author={Paul Hudak},
  title={Modular Domain Specific Languages and Tools},
  booktitle={Proceedings of Fifth International Conference on Software Reuse},
  organization={IEEE Computer Society},
  year=1998,
  month=Jun,
  pages={134-142}
}

@inproceedings{maude,
  author = {M. Clavel, S. Eker, P. Lincoln and J. Meseguer},
  title = {Principles of Maude},
  booktitle = {Electronic Notes in Theoretical Computer Science},
  volume = {4},
  publisher = {Elsevier Science Publishers},
  editor = {J. Meseguer},
  year = {2000}
}

@inproceedings{stratego,
  author      = {Eelco Visser},
  title       = {Stratego: {A} Language for Program Transformation based on Rewriting Strategies},
  booktitle   = {Rewriting Techniques and Applications (RTA'01)},
  pages       = {357--361},
  year        = 2001,
  editor      = {A. Middeldorp},
  volume      = 2051,
  series      = {Lecture Notes in Computer Science},
  month       = {May},
  publisher   = {Springer-Verlag}
}

@inproceedings{ghc-rewrite,
  author = {{Peyton Jones}, Simon and Tolmach, Andrew and Hoare, Tony},
  title = {Playing by the Rules: Rewriting as a practical optimization technique in {GHC}},
  booktitle = {Proceedings of the 2001 Haskell Workshop},
  month = sep,
  pages = {203--233},
  year = {2001}
}

@book{baader98rewriting,
 author = {Baader, Franz and Nipkow, Tobias},
 title = {Term Rewriting and All That},
 year = {1998},
 isbn = {0-521-45520-0},
 publisher = {Cambridge University Press},
 address = {New York, NY, USA},
}

@inproceedings{fig,
  author = {John Reppy and Chunyan Song},
  title = {Application-specific foreign-interface generation},
  booktitle = {Proceedings of the Fifth International Conference on Generative Programming and Component Engineering},
  pages = {49--58},
  year = 2006,
  month = oct
}

@inproceedings{kennedy00telescoping,
  author = {Ken Kennedy},
  title = {{Telescoping Languages: A Compiler Strategy for Implementation of High-Level Domain-Specific Programming Systems}},
  booktitle = {Proceedings of the 14th International Parallel and Distributed Processing Symposium},
  year = 2000,
  month = may
}

@article{baumgartner05synthesis,
  author = {Gerald Baumgartner and others},
  title = {{Synthesis of High-Performance Parallel Programs for a Class of Ab Initio Quantum Chemistry Models}},
  journal = {Proceedings of the IEEE},
  volume = 93,
  number = 2,
  year = 2005,
  month = feb,
  pages = {276--292}
}

@article{system-s,
  author = {Eelco Visser and Zine-el-Abidine Benaissa}, 
  journal = {Electronic Notes in Theoretical Computer Science},
  title = {A Core Language for Rewriting},
  pages = {422--441},
  volume = {15},
  year = {1998},
  month = {Jan}
}

@article{hmpp,
  author = {Dolbeau, R and Bihan, S},
  title = {{HMPP: A hybrid multi-core parallel programming environment}},
  journal = {First Workshop on General {\ldots}},
  year = {2007}
}

@inproceedings{pgi-accelerate,
  author = {Wolfe, Michael},
  title = {{Implementing the PGI Accelerator model}},
  booktitle = {GPGPU '10: Proceedings of the 3rd Workshop on General-Purpose Computation on Graphics Processing Units},
  year = {2010},
  month = mar
}

@article{swig,
  author = {Beazley, D. M.},
  title = {Automated scientific software scripting with {SWIG}},
  journal = {Future Gener. Comput. Syst.},
  volume = {19},
  issue = {5},
  month = {July},
  year = {2003},
  issn = {0167-739X},
  pages = {599--609},
  numpages = {11}
} 

@inproceedings{fisher00interop,
  author = {Kathleen Fisher and Riccardo Pucella and John Reppy},
  title = {Data-Level Interoperability},
  booktitle = {Electronic Notes in Theoretical Computer Science},
  year = {2000},
  pages = {2001}
}

@inproceedings{moby-classes,
  author = {Kathleen Fisher and John Reppy},
  title = {The design of a class mechanism for {Moby}},
  booktitle = {Proceedings of the SIGPLAN 1999 Conference on Programming Language Design and Implementation},
  publisher = {ACM},
  address = {New York, NY},
  year = 1999,
  month = may,
  pages = {37-49}
}

@inproceedings{moby-interop-framework,
  author = {Kathleen Fisher and Riccardo Pucella and John Reppy},
  title = {A framework for interoperability},
  booktitle = {Proceedings of the First International Workshop on Multi-Language Infrastructure and Interoperability (BABEL'01)},
  series = {Electronic Notes in Theoretical Computer Science},
  volume = {59},
  issue = {1},
  year = {2001},
  month = sep
}

@article{blume01, 
  title={No-Longer-Foreign: Teaching an {ML} compiler to speak {C} natively},  
  volume={59}, 
  number={1}, 
  journal={Electronic Notes in Theoretical Computer Science}, 
  author={Blume, Matthias}, 
  year={2001}, 
  pages={36--52}
}

Python/C API Reference Manual
@misc{python-c-api,
  title = {{Python/C API Reference Manual}},
  month = jan,
  year = {2012},
  howpublished = {\url{http://docs.python.org/c-api/}}
}

@misc{json,
  title = {{JSON}},
  month = apr,
  year = 2012,
  howpublished = {\url{http://www.json.org/}}
}

@misc{jansson,
  title = {{Jansson â€” C library for working with JSON data}},
  month = apr,
  year = 2012,
  howpublished = {\url{http://www.digip.org/jansson/}}
}
