@book{baader98rewriting,
author = {Baader, Franz and Nipkow, Tobias},
title = {Term rewriting and all that},
year = {1998},
isbn = {0-521-45520-0},
publisher = {Cambridge University Press},
address = {New York, NY, USA},
}

@inproceedings{fig,
author = {John Reppy and Chunyan Song},
title = {Application-specific foreign-interface generation},
booktitle = {GPCE '06},
pages = {49--58},
year = 2006,
month = oct
}

@article{kennedy01telescoping,
title = "Telescoping Languages: A Strategy for Automatic Generation of Scientific Problem-Solving Systems from Annotated Libraries",
author = "Ken Kennedy and others",
journal = "Journal of Parallel and Distributed Computing",
volume = "61",
number = "12",
pages = "1803 - 1826",
year = "2001",
issn = "0743-7315"
}

@inproceedings{baumgartner05synthesis,
author = {Gerald Baumgartner and others},
title = {Synthesis of High-Performance Parallel Programs for a Class of Ab Initio Quantum Chemistry Models},
booktitle = {Proceedings of the IEEE},
year = {2005}
}

@article{wool,
author = {Geoffrey Hulette and Matthew Sottile and Allen Malony}, 
journal = {ESCIENCE '08},
title = {WOOL: A Workflow Programming Language},
year = {2008},
month = dec
}

@article{system-s,
author = {Eelco Visser and Zine-el-Abidine Benaissa}, 
journal = {Electronic Notes in Theoretical Computer Science},
title = {A Core Language for Rewriting},
pages = {422--441},
volume = {15},
year = {1998},
month = jan
}

@article{hmpp,
author = {Dolbeau, R and Bihan, S and Bodin, F.},
title = {{HMPP}: A hybrid multi-core parallel programming environment},
journal = {GPGPU '07}
}

@inproceedings{pgi-accelerate,
author = {Wolfe, Michael},
title = {Implementing the {PGI} Accelerator model},
booktitle = {GPGPU '10}
}

@article{swig,
author = {Beazley, D. M.},
title = {Automated scientific software scripting with {SWIG}},
journal = {Future Generation Computer Systems},
volume = {19},
issue = {5},
month = jul,
year = {2003},
issn = {0167-739X},
pages = {599--609}
}

@manual{opencl,
author = {{Khronos OpenCL Working Group}},
title = {The OpenCL Specification Version 1.0}
}

@book{cuda,
author = {Jason Sanders and Edward Kandrot},
title = {{CUDA By Example: An Introduction To General-Purpose GPU Programming}},
month = jul,
year = 2010
}

@inproceedings{moby,
author = {Kathleen Fisher and John Reppy},
title = {The design of a class mechanism for {Moby}},
booktitle = {SIGPLAN'99},
year = 1999,
month = may,
pages = {37--49}
}

@inproceedings{offload,
author = {Pete Cooper and Uwe Dolinsky and others},
title = {Offload - Automating Code Migration to Heterogeneous Multicore Systems},
booktitle = {HiPEAC},
year = 2010,
pages = {337--352}
}

@inproceedings{sequoia,
author = {K. Fatahalian and T. Knight and M. Houston and M. Erez and D. Horn and L. Leem and H. Park and M. Ren and A. Aiken and W. Dally and P. Hanrahan},
title = {Sequoia: Programming the Memory Hierarchy},
booktitle = {SC'06},
year = 2006,
month = nov
}
