@inproceedings{reppy06fig,
  author = {John Reppy and Chunyan Song},
  title = {Application-specific foreign-interface generation},
  booktitle = {Proceedings of the Fifth International Conference on
			Generative Programming and Component Engineering},
  pages = {49--58},
  year = 2006,
  month = oct
}

@inproceedings{kennedy00telescoping,
  author = {Ken Kennedy},
  title = {{Telescoping Languages: A Compiler Strategy for Implementation of High-Level Domain-Specific Programming Systems}},
  booktitle = {Proceedings of the 14th International Parallel and Distributed Processing Symposium},
  year = 2000,
  month = may
}

@article{baumgartner05synthesis,
  author = {Gerald Baumgartner and others},
  title = {{Synthesis of High-Performance Parallel Programs for a Class of Ab Initio Quantum Chemistry Models}},
  journal = {Proceedings of the IEEE},
  volume = 93,
  number = 2,
  year = 2005,
  month = feb,
  pages = {276--292}
}

@misc{notused,
 author= {Gerald Baumgartner and Alexander Auer and David E. Bernholdt and Alina Bibireata and Venkatesh Choppella and Daniel Cociorva and Xiaoyang Gao and Robert J. Harrison and So Hirata and Sriram Krishnamoorthy and Sandhya Krishnan and Chi-chung Lam and Qingda Lu and Marcel Nooijen and Russell M. Pitzer and J. Ramanujam and P. Sadayappan and Alexander Sibiryakov and D. E. Bernholdt and A. Bibireata and D. Cociorva and X. Gao and S. Krishnamoorthy and S. Krishnan}
}